@ONLINE{1,
	title={Atmospheric Aerosols: What Are They, and Why Are They So Important?},
	author={Bob Allen},
	year={1996},
	url={http://www.nasa.gov/centers/langley/news/factsheets/Aerosols.html}
}
@ONLINE{2,
	title={MISR},
	author={NASA},
	url={http://www-misr.jpl.nasa.gov/}
}

@ONLINE{3,
	title={WeatherAPI: Introductions},
	author={Weather Underground},
	url={https://www.wunderground.com/weather/api/d/docs}
}
@ONLINE{4,
	title= {Introduction},
	author = {Pylint},
	url = {https://pylint.readthedocs.io/en/latest/intro.html}
}
@ONLINE{5,
	title={Pylint},
	author = {PyDev},
	url = {http://www.pydev.org/manual\_adv\_pylint.html}
}
@ONLINE{6,
	title={Tutorial},
	author={Pylint},
	url={https://pylint.readthedocs.io/en/latest/tutorial.html}
}
@ONLINE{7,
	title={MySQL},
	author={Oracle},
	url={https://www.oracle.com/mysql/index.html}
}
@ONLINE{8,
	title = {Django},
	author = {threespot},
	year = {2016},
	url={https://www.djangoproject.com/}
}
@ONLINE{9,
	title = {Web Frameworks for Python},
	author = {Juha Koskelainen},
	year = {2016},
	url={https://wiki.python.org/moin/WebFrameworks}
}
@ONLINE{14,
	title = {DropzoneJS},
	author = {Matias Meno},
	year = {2016},
	url={http://www.dropzonejs.com/#}
}
@ONLINE{15,
	title = {Travis CI},
	author = {Travis CI},
	year = {2016},
	url={https://travis-ci.com/}
}
@ONLINE{16,
	title = {Coveralls},
	author = {Lemur Heavy Industries},
	year = {2016},
	url={https://coveralls.io/}
}
@ONLINE{17,
	title = {Sphinx},
	author = {Sphinx},
	year = {2016},
	url={http://www.sphinx-doc.org/en/1.4.8/index.html}
}
@ONLINE{18,
        title = {ExifRead 2.1.2},
        author = {Python Package Index, Python Software Foundation},
        year = {2015},
        url={https://pypi.python.org/pypi/ExifRead}
}
@ONLINE{19,
        title = {Dropzone and Cloudinary},
        author = {Dan Hough},
        url={https://danhough.com/blog/dropzone-cloudinary/}
}
@ONLINE{20,
	title={Review of Python Static Analysis Tools},
	author={Jose Castro},
	year={2016},
	url={http://blog.codacy.com/2016/01/08/review-of-python-static-analysis-tools/}
}
@ONLINE{21,
	title={EXIF tags},
	year={2016},
	url={http://www.sno.phy.queensu.ca/~phil/exiftool/TagNames/EXIF.html}
}
@ONLINE{22,
	title = {MongoDB vs. MySQL vs. Solr Comparison},
	author = {DB-Engines},
	url={http://db-engines.com/en/system/MySQL%3BSolr%3Bmongodb}
} 
@ONLINE{23,
	title = {CVE Security Vulnerability Database},
	author = {MITRE Corporation},
	year = {2016},
	url={http://www.cvedetails.com/}
}
@ONLINE{24,
title = {MISR science software code available to users},
author = {NASA JPL, MISR},
year = {2016},
url = {http://www-misr.jpl.nasa.gov/getData/accessData/misrSoftware/}
}
@ONLINE{25,
title = {MISR Order and Customization Tool},
author = {NASA JPL, John M Kusterer},
year = {2016},
url = {https://l0dup05.larc.nasa.gov/MISR/cgi-bin/MISR/main.cgi}
}
