@ONLINE{1,
	title= {Introduction},
	author = {Pylint},
	url = {https://pylint.readthedocs.io/en/latest/intro.html}
}
@ONLINE{2,
	title={Pylint},
	author = {PyDev},
	url = {http://www.pydev.org/manual\_adv\_pylint.html}
}
@ONLINE{3,
	title={Tutorial},
	author={Pylint},
	url={https://pylint.readthedocs.io/en/latest/tutorial.html}
}
@ONLINE{4,
	title={Review of Python Static Analysis Tools},
	author={Jose Castro},
	year={2016},
	url={http://blog.codacy.com/2016/01/08/review-of-python-static-analysis-tools/}
}
@ONLINE{5,
	title={Apache Solr - Features},
	author={Apache Software Foundation},
	year={2016},
	url={http://lucene.apache.org/solr/features.html}
}
@ONLINE{6,
	title={MongoDB for GIANT Ideas},
	author={MongoDB, Inc.},
	year={2016},
	url={https://www.mongodb.com/}
}
@ONLINE{7,
	title={MySQL},
	author={Oracle},
	url={https://www.oracle.com/mysql/index.html}
}
@ONLINE{8,
	title = {MongoDB vs. MySQL vs. Solr Comparison},
	author = {DB-Engines},
	url={http://db-engines.com/en/system/MySQL%3BSolr%3Bmongodb}
} 
@ONLINE{9,
	title = {CVE Security Vulnerability Database},
	author = {MITRE Corporation},
	year = {2016},
	url={http://www.cvedetails.com/}
}
@ONLINE{10,
	title = {Django},
	author = {threespot},
	year = {2016},
	url={https://www.djangoproject.com/}
}
@ONLINE{11,
	title = {Flask},
	author = {Armin Ronacher},
	year = {2016},
	url={flask.pocoo.org/}
}
@ONLINE{12,
	title = {WEB2PY},
	author = {Massimo Di Pierro},
	year = {2016},
	url={http://www.web2py.com/}
}
@ONLINE{13,
	title = {Web Frameworks for Python},
	author = {Juha Koskelainen},
	year = {2016},
	url={https://wiki.python.org/moin/WebFrameworks}
}
@ONLINE{14,
	title = {DropzoneJS},
	author = {Matias Meno},
	year = {2016},
	url={http://www.dropzonejs.com/#}
}
@ONLINE{15,
	title = {Cloudinary},
	author = {Cloudinary},
	year = {2016},
	url={http://cloudinary.com/}
}
@ONLINE{16,
	title = {Ospry},
	author = {Ospry},
	year = {2016},
	url={https://www.ospry.io/docs}
}
@ONLINE{17,
	title = {Weather Underground},
	author = {The Weather Company},
	year = {2016},
	url={https://www.wunderground.com/weather/api/}
}


@ONLINE{18,
	title = {Travis CI},
	author = {Travis CI},
	year = {2016},
	url={https://travis-ci.com/}
}
@ONLINE{19,
	title = {Coveralls},
	author = {Lemur Heavy Industries},
	year = {2016},
	url={https://coveralls.io/}
}
@ONLINE{20,
	title = {MISR},
	author = {NASA JPL},
	year = {2016},
	url={misr.jpl.nasa.gov/Mission/}
}
@ONLINE{21,
	title = {Sphinx},
	author = {Sphinx},
	year = {2016},
	url={http://www.sphinx-doc.org/en/1.4.8/index.html}
}
@ONLINE{22,
        title = {Admin API},
        author = {Cloudinary},
        url={http://cloudinary.com/documentation/admin_api}
}
@ONLINE{23,
        title = {ExifRead 2.1.2},
        author = {Python Package Index, Python Software Foundation},
        year = {2015},
        url={https://pypi.python.org/pypi/ExifRead}
}
@ONLINE{24,
        title = {ExifTags Module},
        author = {Pillow (PIL Fork)},
        url={http://pillow.readthedocs.io/en/3.4.x/reference/ExifTags.html}
}
@ONLINE{25,
        title = {Dropzone and Cloudinary},
        author = {Dan Hough},
        url={https://danhough.com/blog/dropzone-cloudinary/}
}
@ONLINE{26,
		title = {Python Package Index},
		author = {Python Software Foundation},
		url =  {https://pypi.python.org/pypi/pylint}
}
@ONLINE{27,
		title = {PyChecker},
		author = {Neal},
		url =  {http://pychecker.sourceforge.net/}
}
@ONLINE{28,
		title = {pyflakes},
		author = {Python Software Foundation},
		url =  {https://pypi.python.org/pypi/pyflakes}
}
