@electronic{freebsdhand,
    title   = "FreeBSD Handbook",
    language= "English",
    url     = "https://www.freebsd.org/doc/en_US.ISO8859-1/books/handbook/"
}
@electronic{freebsdarch,
    title   = "FreeBSD Architecture Handbook",
    language= "English",
    url     = "https://www.freebsd.org/doc/en_US.ISO8859-1/books/developers-handbook/"
}
@electronic{unixp,
	title   = "Unix Processes",
    author  = "Norman Matloff",
    organization = "University of California at Davis",
    url     = "http://heather.cs.ucdavis.edu/~matloff/UnixAndC/Unix/Processes.pdf"
}
@electronic{winproc,
	title   = "Processes and Threads",
    organization = "Microsoft",
    url     = "https://msdn.microsoft.com/en-us/library/windows/desktop/ms684841(v=vs.85).aspx"
}
@electronic{winproccreate,
	title   = "Creating Processes",
    organization = "Microsoft",
    url     = "https://msdn.microsoft.com/en-us/library/windows/desktop/ms682512(v=vs.85).aspx"
}
@electronic{BSDos,
	title   = "The Design and Implementation of the 4.4BSD Operating System",
    author = "Marshall Kirk McKusick",
    year = "1996",
    url     = "https://www.freebsd.org/doc/en/books/design-44bsd/overview-process-management.html"
}
@electronic{modulet,
	title   = "MODULE T PROCESSES AND THREADS: Win32/WINDOWS APIs Part 1: Story And Program Examples",
    url     = "http://www.tenouk.com/ModuleT.html"
}
@electronic{linux,
	title = "The Linux Kernel",
    author = "David A Rusling",
    year = "1999",
    url = "http://www.tldp.org/LDP/tlk/"
}
@book{BSDos2,
	title = "The Design and Implementation of the FreeBSD Operating System",
    author = "Marshall Kirk McKusick",
    edition = "2nd",
    year = "2014",
    publisher = "Addison-Wesley Professional"
}